@article{Auer2002Nonstochastic,
  author    = {Peter Auer and Nicol{\`o} Cesa-Bianchi and Yoav Freund and Robert E. Schapire},
  title     = {The Nonstochastic Multiarmed Bandit Problem},
  journal   = {SIAM Journal on Computing},
  year      = {2002},
  volume    = {32},
  number    = {1},
  pages     = {48--77},
  doi       = {10.1137/S0097539701398375},
  url       = {https://epubs.siam.org/doi/10.1137/S0097539701398375}
}

@article{BubeckCesaBianchi2012,
  author    = {S{\'e}bastien Bubeck and Nicol{\`o} Cesa-Bianchi},
  title     = {Regret Analysis of Stochastic and Nonstochastic Multi-armed Bandit Problems},
  journal   = {Foundations and Trends in Machine Learning},
  year      = {2012},
  volume    = {5},
  number    = {1},
  pages     = {1--122},
  doi       = {10.1561/2200000024},
  url       = {https://www.nowpublishers.com/article/Details/MAL-024}
}

@inproceedings{Yao1977,
  author    = {Andrew Chi-Chih Yao},
  title     = {Probabilistic Computations: Toward a Unified Measure of Complexity},
  booktitle = {Proceedings of the 18th Annual Symposium on Foundations of Computer Science (FOCS)},
  year      = {1977},
  pages     = {222--227}
}

@article{BretagnolleHuber1979,
  author    = {Jean Bretagnolle and Catherine Huber},
  title     = {Estimation des densit{\'e}s: risque minimax},
  journal   = {Zeitschrift f{\"u}r Wahrscheinlichkeitstheorie und Verwandte Gebiete},
  year      = {1979},
  volume    = {47},
  number    = {2},
  pages     = {119--137},
  doi       = {10.1007/BF00535278},
  url       = {https://link.springer.com/article/10.1007/BF00535278}
}

@book{LS20,
  author    = {Tor Lattimore and Csaba Szepesv{\'a}ri},
  title     = {Bandit Algorithms},
  publisher = {Cambridge University Press},
  year      = {2020},
  doi       = {10.1017/9781108571401},
  url       = {https://tor-lattimore.com/downloads/book/book.pdf}
}

@misc{BartlettAdvBandits,
  author       = {Peter Bartlett},
  title        = {Adversarial bandits (lecture notes)},
  year         = {2014},
  howpublished = {Course notes, Stat 260/CS 294-102, UC Berkeley},
  url          = {https://www.stat.berkeley.edu/~bartlett/courses/2014fall-cs294stat260/lectures/bandit-adversarial-notes.pdf}
}

@book{hazan2016online,
  title     = {Introduction to Online Convex Optimization},
  author    = {Hazan, Elad},
  year      = {2016},
  publisher = {Cambridge University Press}
}

@inproceedings{mcmahan2004online,
  title     = {Online Geometric Optimization in the Bandit Setting Against an Adaptive Adversary},
  author    = {McMahan, H. Brendan and Blum, Avrim},
  booktitle = {Learning Theory},
  editor    = {Shawe-Taylor, John and Singer, Yoram},
  series    = {Lecture Notes in Computer Science},
  publisher = {Springer Berlin Heidelberg},
  pages     = {109--123},
  year      = {2004}
}

@article{kalai2005efficient,
  title     = {Efficient algorithms for online decision problems},
  author    = {Kalai, Adam and Vempala, Santosh},
  journal   = {Journal of Computer and System Sciences},
  volume    = {71},
  number    = {3},
  pages     = {291--307},
  year      = {2005}
}

@book{Tsybakov2009,
  author    = {Alexandre B. Tsybakov},
  title     = {Introduction to Nonparametric Estimation},
  series    = {Springer Series in Statistics},
  publisher = {Springer},
  year      = {2009},
  doi       = {10.1007/978-0-387-79052-7},
  url       = {https://link.springer.com/book/10.1007/b13794}
}

@article{Kleinberg2010Sleeping,
  author    = {Robert Kleinberg and Alexandru Niculescu-Mizil and Yogeshwer Sharma},
  title     = {Regret bounds for sleeping experts and bandits},
  journal   = {Machine Learning},
  year      = {2010},
  volume    = {80},
  number    = {2-3},
  pages     = {245--272},
  doi       = {10.1007/s10994-010-5178-7},
  url       = {https://link.springer.com/article/10.1007/s10994-010-5178-7}
}


@article{Robbins1952,
  author  = {Herbert Robbins},
  title   = {Some aspects of the sequential design of experiments},
  journal = {Bulletin of the American Mathematical Society},
  year    = {1952},
  volume  = {58},
  number  = {5},
  pages   = {527--535},
  url     = {https://projecteuclid.org/journals/bulletin-of-the-american-mathematical-society/volume-58/issue-5/Some-aspects-of-the-sequential-design-of-experiments/bams/1183517370.full},
}

@book{CBL2006,
  author    = {Nicol{\`o} Cesa-Bianchi and G\'abor Lugosi},
  title     = {Prediction, Learning, and Games},
  publisher = {Cambridge University Press},
  year      = {2006},
  doi       = {10.1017/CBO9780511546921},
  url       = {https://cesa-bianchi.di.unimi.it/predbook/}
}

@inproceedings{LangfordZhang2007,
  author    = {John Langford and Tong Zhang},
  title     = {The Epoch-Greedy Algorithm for Multi-armed Bandits with Side Information},
  booktitle = {Advances in Neural Information Processing Systems (NIPS)},
  year      = {2007},
  url       = {https://papers.nips.cc/paper/3178-the-epoch-greedy-algorithm-for-multi-armed-bandits-with-side-information}
}

@inproceedings{LiChuLangfordSchapire2010,
  author    = {Lihong Li and Wei Chu and John Langford and Robert E. Schapire},
  title     = {A Contextual-Bandit Approach to Personalized News Article Recommendation},
  booktitle = {Proceedings of the 19th International Conference on World Wide Web (WWW)},
  year      = {2010},
  doi       = {10.1145/1772690.1772758},
  url       = {https://arxiv.org/abs/1003.0146}
}

@inproceedings{ChuLiReyzinSchapire2011,
  author    = {Wei Chu and Lihong Li and Lev Reyzin and Robert E. Schapire},
  title     = {Contextual Bandits with Linear Payoff Functions},
  booktitle = {Proceedings of the 14th International Conference on Artificial Intelligence and Statistics (AISTATS)},
  year      = {2011},
  url       = {https://www.schapire.net/papers/bandit-lin.pdf}
}

@inproceedings{AgarwalEtAl2014,
  author    = {Alekh Agarwal and Daniel Hsu and Satyen Kale and John Langford and Lihong Li and Robert E. Schapire},
  title     = {Taming the Monster: A Fast and Simple Algorithm for Contextual Bandits},
  booktitle = {Proceedings of the 31st International Conference on Machine Learning (ICML)},
  year      = {2014},
  pages     = {1638--1646},
  url       = {https://proceedings.mlr.press/v32/agarwalb14.html}
}

@article{ShalevShwartz2012,
  author  = {Shai Shalev-Shwartz},
  title   = {Online Learning and Online Convex Optimization},
  journal = {Foundations and Trends in Machine Learning},
  year    = {2012},
  volume  = {4},
  number  = {2},
  pages   = {107--194},
  doi     = {10.1561/2200000018},
  url     = {https://www.cs.huji.ac.il/~shais/papers/OLsurvey.pdf}
}


@article{PinskerInfoIneq,
  author  = {Imre Csisz{\'a}r and J{\'a}nos K{\"o}rner},
  title   = {Information Theory: Coding Theorems for Discrete Memoryless Systems},
  journal = {Cambridge University Press},
  year    = {2011},
  note    = {Contains Pinsker's inequality derivation}
}

@misc{Canonne2022,
  author = {Cl{\'e}ment L. Canonne},
  title  = {A short note on an inequality between KL and TV},
  year   = {2022},
  howpublished = {\url{https://arxiv.org/abs/2202.07198}}
}

@misc{WikipediaBretagnolleHuber,
  title = {Bretagnolleâ€“Huber inequality},
  howpublished = {\url{https://en.wikipedia.org/wiki/Bretagnolle%E2%80%93Huber_inequality}},
  note = {accessed 2025-09-05}
}

@misc{WikipediaYao,
  title = {Yao's principle},
  howpublished = {\url{https://en.wikipedia.org/wiki/Yao%27s_principle}},
  note = {accessed 2025-09-05}
}

@misc{WikipediaPinsker,
  title = {Pinsker's inequality},
  howpublished = {\url{https://en.wikipedia.org/wiki/Pinsker%27s_inequality}},
  note = {accessed 2025-09-05}
}


@book{CoverThomas2006,
  author    = {Thomas M. Cover and Joy A. Thomas},
  title     = {Elements of Information Theory},
  edition   = {2},
  publisher = {Wiley},
  year      = {2006},
  url       = {https://dl.icdst.org/pdfs/files/aea72e61329cd4684709fa24f15ac098.pdf}
}


@misc{GerchinovitzLattimore2016,
  author = {S\'ebastien Gerchinovitz and Tor Lattimore},
  title  = {Refined Lower Bounds for Adversarial Bandits},
  howpublished = {arXiv preprint arXiv:1605.07416},
  year   = {2016},
  url    = {https://arxiv.org/pdf/1605.07416}
}

@inproceedings{Kocak2014IX,
  author    = {Tom\'a\v{s} Koc\'ak and Gergely Neu and Michal Valko and R\'emi Munos},
  title     = {Efficient learning by implicit exploration in bandit problems with side observations},
  booktitle = {Advances in Neural Information Processing Systems (NeurIPS)},
  year      = {2014},
  url       = {https://papers.neurips.cc/paper_files/paper/2014/hash/8169cf3dc05090c7774c8dc38317c43d-Abstract.html}
}

@article{Neu2015IX,
  author  = {Gergely Neu},
  title   = {Explore no more: Improved high-probability regret bounds for non-stochastic bandits},
  journal = {arXiv preprint arXiv:1506.03271},
  year    = {2015},
  url     = {https://arxiv.org/abs/1506.03271}
}

@inproceedings{MourtadaMaillard2017,
  author    = {Jaouad Mourtada and Odalric-Ambrym Maillard},
  title     = {Efficient tracking of a growing number of experts},
  booktitle = {Proceedings of the 30th Annual Conference on Learning Theory (COLT)},
  year      = {2017},
  pages     = {1325--1348},
  url       = {https://proceedings.mlr.press/v76/mourtada17a/mourtada17a.pdf}
}