@article{Auer2002Nonstochastic,
  author    = {Peter Auer and Nicol{\`o} Cesa-Bianchi and Yoav Freund and Robert E. Schapire},
  title     = {The Nonstochastic Multiarmed Bandit Problem},
  journal   = {SIAM Journal on Computing},
  year      = {2002},
  volume    = {32},
  number    = {1},
  pages     = {48--77},
  doi       = {10.1137/S0097539701398375},
  url       = {https://epubs.siam.org/doi/10.1137/S0097539701398375}
}

@article{BubeckCesaBianchi2012,
  author    = {S{\'e}bastien Bubeck and Nicol{\`o} Cesa-Bianchi},
  title     = {Regret Analysis of Stochastic and Nonstochastic Multi-armed Bandit Problems},
  journal   = {Foundations and Trends in Machine Learning},
  year      = {2012},
  volume    = {5},
  number    = {1},
  pages     = {1--122},
  doi       = {10.1561/2200000024},
  url       = {https://www.nowpublishers.com/article/Details/MAL-024}
}

@inproceedings{Yao1977,
  author    = {Andrew Chi-Chih Yao},
  title     = {Probabilistic Computations: Toward a Unified Measure of Complexity},
  booktitle = {Proceedings of the 18th Annual Symposium on Foundations of Computer Science (FOCS)},
  year      = {1977},
  pages     = {222--227}
}

@book{CT06,
  author    = {Thomas M. Cover and Joy A. Thomas},
  title     = {Elements of Information Theory},
  edition   = {2nd},
  publisher = {Wiley},
  year      = {2006},
  isbn      = {9780471241959},
  doi       = {10.1002/047174882X},
  url       = {https://onlinelibrary.wiley.com/doi/book/10.1002/047174882X}
}

@article{BretagnolleHuber1979,
  author    = {Jean Bretagnolle and Catherine Huber},
  title     = {Estimation des densit{\'e}s: risque minimax},
  journal   = {Zeitschrift f{\"u}r Wahrscheinlichkeitstheorie und Verwandte Gebiete},
  year      = {1979},
  volume    = {47},
  number    = {2},
  pages     = {119--137},
  doi       = {10.1007/BF00535278},
  url       = {https://link.springer.com/article/10.1007/BF00535278}
}

@book{LS20,
  author    = {Tor Lattimore and Csaba Szepesv{\'a}ri},
  title     = {Bandit Algorithms},
  publisher = {Cambridge University Press},
  year      = {2020},
  doi       = {10.1017/9781108571401},
  url       = {https://tor-lattimore.com/downloads/book/book.pdf}
}

@misc{BartlettAdvBandits,
  author       = {Peter Bartlett},
  title        = {Adversarial bandits (lecture notes)},
  year         = {2014},
  howpublished = {Course notes, Stat 260/CS 294-102, UC Berkeley},
  url          = {https://www.stat.berkeley.edu/~bartlett/courses/2014fall-cs294stat260/lectures/bandit-adversarial-notes.pdf}
}

@book{hazan2016online,
  title     = {Introduction to Online Convex Optimization},
  author    = {Hazan, Elad},
  year      = {2016},
  publisher = {Cambridge University Press}
}

@inproceedings{mcmahan2004online,
  title     = {Online Geometric Optimization in the Bandit Setting Against an Adaptive Adversary},
  author    = {McMahan, H. Brendan and Blum, Avrim},
  booktitle = {Learning Theory},
  editor    = {Shawe-Taylor, John and Singer, Yoram},
  series    = {Lecture Notes in Computer Science},
  publisher = {Springer Berlin Heidelberg},
  pages     = {109--123},
  year      = {2004}
}

@article{kalai2005efficient,
  title     = {Efficient algorithms for online decision problems},
  author    = {Kalai, Adam and Vempala, Santosh},
  journal   = {Journal of Computer and System Sciences},
  volume    = {71},
  number    = {3},
  pages     = {291--307},
  year      = {2005}
}


@misc{li2017provablyoptimalalgorithmsgeneralized,
      title={Provably Optimal Algorithms for Generalized Linear Contextual Bandits}, 
      author={Lihong Li and Yu Lu and Dengyong Zhou},
      year={2017},
      eprint={1703.00048},
      archivePrefix={arXiv},
      primaryClass={cs.LG},
      url={https://arxiv.org/abs/1703.00048}, 
}